<collection xmlns="http://www.loc.gov/MARC21/slim"><record><leader>00793nam  2200217   450</leader><controlfield tag="001">168</controlfield><controlfield tag="003">http://montalegre.opacnet.com/OPAC/default.aspx?ContentAreaControl=ShowRegHoldings.ascx&amp;RegNo=16662</controlfield><datafield tag="095" ind1=" " ind2=" "><subfield code="a">PTBN00046977</subfield></datafield><datafield tag="100" ind1=" " ind2=" "><subfield code="a">19780401d1978    m  y0pora010305  ba</subfield></datafield><datafield tag="101" ind1="1" ind2=" "><subfield code="a">por</subfield><subfield code="c">eng</subfield></datafield><datafield tag="102" ind1=" " ind2=" "><subfield code="a">PT</subfield></datafield><datafield tag="200" ind1="1" ind2=" "><subfield code="a">A sangue frio</subfield><subfield code="e">narração verídica de um quádruplo assassínio e suas consequências</subfield><subfield code="f">Truman Capote</subfield><subfield code="g">trad. de Maria Isabel Braga</subfield></datafield><datafield tag="210" ind1=" " ind2=" "><subfield code="a">Lisboa</subfield><subfield code="c">Livros do Brasil</subfield><subfield code="d">[D.L. 1978]</subfield></datafield><datafield tag="215" ind1=" " ind2=" "><subfield code="a">363, [4] p.</subfield><subfield code="d">22 cm</subfield></datafield><datafield tag="225" ind1="2" ind2=" "><subfield code="a">Dois mundos</subfield><subfield code="v">93</subfield></datafield><datafield tag="304" ind1=" " ind2=" "><subfield code="a">Tít. orig.: In cold blood</subfield></datafield><datafield tag="675" ind1=" " ind2=" "><subfield code="a">821</subfield><subfield code="v">BN</subfield><subfield code="z">por</subfield></datafield><datafield tag="700" ind1=" " ind2="1"><subfield code="a">Capote</subfield><subfield code="b">Truman</subfield><subfield code="f">1924-1984</subfield></datafield><datafield tag="702" ind1=" " ind2="1"><subfield code="a">Braga</subfield><subfield code="b">Maria Isabel Morna</subfield><subfield code="4">730</subfield></datafield><datafield tag="801" ind1=" " ind2="0"><subfield code="a">PT</subfield><subfield code="b">Biblioteca Municipal de Montalegre</subfield><subfield code="g">RPC</subfield></datafield><datafield tag="856" ind1=" " ind2=" "><subfield code="u">locateMedia.asp?cod=20060509164636&amp;ext=jpg</subfield><subfield code="z">CAPA</subfield></datafield><datafield tag="909" ind1="&#9;" ind2=" "><subfield code="a">1</subfield></datafield><datafield tag="966" ind1=" " ind2=" "><subfield code="a">0008483</subfield><subfield code="l">BMM</subfield><subfield code="s">SCG 821 CAP san 93</subfield></datafield></record></collection>